% Encoding: UTF-8

@Article{adomavicius2005toward,
  author    = {Adomavicius, Gediminas and Tuzhilin, Alexander},
  title     = {Toward the next generation of recommender systems: A survey of the state-of-the-art and possible extensions},
  journal   = {IEEE Transactions on Knowledge \& Data Engineering},
  year      = {2005},
  number    = {6},
  pages     = {734--749},
  publisher = {IEEE},
}

@InProceedings{chaney2018algorithmic,
  author       = {Chaney, Allison JB and Stewart, Brandon M and Engelhardt, Barbara E},
  title        = {How algorithmic confounding in recommendation systems increases homogeneity and decreases utility},
  booktitle    = {Proceedings of the 12th ACM Conference on Recommender Systems},
  year         = {2018},
  pages        = {224--232},
  organization = {ACM},
}

@InProceedings{nguyen2014exploring,
  author       = {Nguyen, Tien T and Hui, Pik-Mai and Harper, F Maxwell and Terveen, Loren and Konstan, Joseph A},
  title        = {Exploring the filter bubble: the effect of using recommender systems on content diversity},
  booktitle    = {Proceedings of the 23rd international conference on World wide web},
  year         = {2014},
  pages        = {677--686},
  organization = {ACM},
}

@Article{lee2015follow,
  author    = {Lee, Young-Jin and Hosanagar, Kartik and Tan, Yong},
  title     = {Do I follow my friends or the crowd? Information cascades in online movie ratings},
  journal   = {Management Science},
  year      = {2015},
  volume    = {61},
  number    = {9},
  pages     = {2241--2258},
  publisher = {INFORMS},
}

@Article{fleder2009blockbuster,
  author    = {Fleder, Daniel and Hosanagar, Kartik},
  title     = {Blockbuster culture's next rise or fall: The impact of recommender systems on sales diversity},
  journal   = {Management science},
  year      = {2009},
  volume    = {55},
  number    = {5},
  pages     = {697--712},
  publisher = {INFORMS},
}

@Article{carmi2009spreading,
  author  = {Carmi, Eyal and Oestreicher-Singer, Gal and Sundararajan, Arun},
  title   = {Spreading the Oprah effect: The diffusion of demand shocks in a recommendation network},
  journal = {ICIS 2009 Proceedings},
  year    = {2009},
  pages   = {78},
}

@InProceedings{fleder2007recommender,
  author       = {Fleder, Daniel M and Hosanagar, Kartik},
  title        = {Recommender systems and their impact on sales diversity},
  booktitle    = {Proceedings of the 8th ACM conference on Electronic commerce},
  year         = {2007},
  pages        = {192--199},
  organization = {ACM},
}

@Article{jiang2014choice,
  author    = {Jiang, Hai and Qi, Xin and Sun, He},
  title     = {Choice-based recommender systems: a unified approach to achieving relevancy and diversity},
  journal   = {Operations Research},
  year      = {2014},
  volume    = {62},
  number    = {5},
  pages     = {973--993},
  publisher = {INFORMS},
}

@Book{mas1995microeconomic,
  title     = {Microeconomic theory},
  publisher = {Oxford university press New York},
  year      = {1995},
  author    = {Mas-Colell, Andreu and Whinston, Michael Dennis and Green, Jerry R and others},
  volume    = {1},
}

@InProceedings{vargas2011rank,
  author       = {Vargas, Sa{\'u}l and Castells, Pablo},
  title        = {Rank and relevance in novelty and diversity metrics for recommender systems},
  booktitle    = {Proceedings of the fifth ACM conference on Recommender systems},
  year         = {2011},
  pages        = {109--116},
  organization = {ACM},
}

@InProceedings{mcnee2006being,
  author       = {McNee, Sean M and Riedl, John and Konstan, Joseph A},
  title        = {Being accurate is not enough: how accuracy metrics have hurt recommender systems},
  booktitle    = {CHI'06 extended abstracts on Human factors in computing systems},
  year         = {2006},
  pages        = {1097--1101},
  organization = {ACM},
}

@Book{pariser2011filter,
  title     = {The filter bubble: How the new personalized web is changing what we read and how we think},
  publisher = {Penguin},
  year      = {2011},
  author    = {Pariser, Eli},
}

@InProceedings{zhao2018interpreting,
  author       = {Zhao, Qian and Willemsen, Martijn C and Adomavicius, Gediminas and Harper, F Maxwell and Konstan, Joseph A},
  title        = {Interpreting user inaction in recommender systems},
  booktitle    = {Proceedings of the 12th ACM Conference on Recommender Systems},
  year         = {2018},
  pages        = {40--48},
  organization = {ACM},
}

@Article{kotkov2016survey,
  author    = {Kotkov, Denis and Wang, Shuaiqiang and Veijalainen, Jari},
  title     = {A survey of serendipity in recommender systems},
  journal   = {Knowledge-Based Systems},
  year      = {2016},
  volume    = {111},
  pages     = {180--192},
  publisher = {Elsevier},
}

@InProceedings{maksai2015predicting,
  author       = {Maksai, Andrii and Garcin, Florent and Faltings, Boi},
  title        = {Predicting online performance of news recommender systems through richer evaluation metrics},
  booktitle    = {Proceedings of the 9th ACM Conference on Recommender Systems},
  year         = {2015},
  pages        = {179--186},
  organization = {ACM},
}

@InProceedings{saavedra2016choice,
  author    = {Saavedra, Paula and Barreiro, Pablo and Duran, Roi and Crujeiras, Rosa and Loureiro, Mar{\'\i}a and Vila, Eduardo S{\'a}nchez},
  title     = {Choice-Based Recommender Systems.},
  booktitle = {RecTour@ RecSys},
  year      = {2016},
  pages     = {38--46},
}

@InProceedings{ziegler2005improving,
  author       = {Ziegler, Cai-Nicolas and McNee, Sean M and Konstan, Joseph A and Lausen, Georg},
  title        = {Improving recommendation lists through topic diversification},
  booktitle    = {Proceedings of the 14th international conference on World Wide Web},
  year         = {2005},
  pages        = {22--32},
  organization = {ACM},
}

@Article{gretzel2006persuasion,
  author    = {Gretzel, Ulrike and Fesenmaier, Daniel R},
  title     = {Persuasion in recommender systems},
  journal   = {International Journal of Electronic Commerce},
  year      = {2006},
  volume    = {11},
  number    = {2},
  pages     = {81--100},
  publisher = {Taylor \& Francis},
}

@Article{cremonesi2012investigating,
  author    = {Cremonesi, Paolo and Garzotto, Franca and Turrin, Roberto},
  title     = {Investigating the persuasion potential of recommender systems from a quality perspective: An empirical study},
  journal   = {ACM Transactions on Interactive Intelligent Systems (TiiS)},
  year      = {2012},
  volume    = {2},
  number    = {2},
  pages     = {11},
  publisher = {ACM},
}

@InCollection{murphy2014recommendation,
  author    = {Murphy-Hill, Emerson and Murphy, Gail C},
  title     = {Recommendation delivery},
  booktitle = {Recommendation Systems in Software Engineering},
  publisher = {Springer},
  year      = {2014},
  pages     = {223--242},
}

@Article{hosanagar2013will,
  author    = {Hosanagar, Kartik and Fleder, Daniel and Lee, Dokyun and Buja, Andreas},
  title     = {Will the global village fracture into tribes? Recommender systems and their effects on consumer fragmentation},
  journal   = {Management Science},
  year      = {2013},
  volume    = {60},
  number    = {4},
  pages     = {805--823},
  publisher = {INFORMS},
}

@Article{zuiderveen2016should,
  author  = {Zuiderveen Borgesius, Frederik and Trilling, Damian and M{\"o}ller, Judith and Bod{\'o}, Bal{\'a}zs and De Vreese, Claes H and Helberger, Natali},
  title   = {Should we worry about filter bubbles?},
  journal = {Internet Policy Review. Journal on Internet Regulation},
  year    = {2016},
  volume  = {5},
  number  = {1},
}

@Article{schotter2014belief,
  author    = {Schotter, Andrew and Trevino, Isabel},
  title     = {Belief elicitation in the laboratory},
  journal   = {Annu. Rev. Econ.},
  year      = {2014},
  volume    = {6},
  number    = {1},
  pages     = {103--128},
  publisher = {Annual Reviews},
}

@Article{bergemann2019information,
  author  = {Bergemann, Dirk and Morris, Stephen},
  title   = {Information design: A unified perspective},
  journal = {Journal of Economic Literature},
  year    = {2019},
  volume  = {57},
  number  = {1},
  pages   = {44--95},
}

@InCollection{iaquinta2010can,
  author    = {Iaquinta, Leo and de Gemmis, Marco and Lops, Pasquale and Semeraro, Giovanni and Molino, Piero},
  title     = {Can a recommender system induce serendipitous encounters?},
  booktitle = {E-commerce},
  publisher = {IntechOpen},
  year      = {2010},
}

@InProceedings{kotkov2016challenges,
  author       = {Kotkov, Denis and Veijalainen, Jari and Wang, Shuaiqiang},
  title        = {Challenges of serendipity in recommender systems},
  booktitle    = {WEBIST 2016: Proceedings of the 12th International conference on web information systems and technologies. Volume 2, ISBN 978-989-758-186-1},
  year         = {2016},
  organization = {SCITEPRESS},
}

@InProceedings{kaminskas2014measuring,
  author       = {Kaminskas, Marius and Bridge, Derek},
  title        = {Measuring surprise in recommender systems},
  booktitle    = {Proceedings of the workshop on recommender systems evaluation: dimensions and design (Workshop programme of the 8th ACM conference on recommender systems)},
  year         = {2014},
  organization = {Citeseer},
}

@Article{adamopoulos2015unexpectedness,
  author    = {Adamopoulos, Panagiotis and Tuzhilin, Alexander},
  title     = {On unexpectedness in recommender systems: Or how to better expect the unexpected},
  journal   = {ACM Transactions on Intelligent Systems and Technology (TIST)},
  year      = {2015},
  volume    = {5},
  number    = {4},
  pages     = {54},
  publisher = {ACM},
}

@Article{schulz2019structured,
  author    = {Schulz, Eric and Bhui, Rahul and Love, Bradley C and Brier, Bastien and Todd, Michael T and Gershman, Samuel J},
  title     = {Structured, uncertainty-driven exploration in real-world consumer choice},
  journal   = {Proceedings of the National Academy of Sciences},
  year      = {2019},
  pages     = {201821028},
  publisher = {National Acad Sciences},
}

@InProceedings{ge2010beyond,
  author       = {Ge, Mouzhi and Delgado-Battenfeld, Carla and Jannach, Dietmar},
  title        = {Beyond accuracy: evaluating recommender systems by coverage and serendipity},
  booktitle    = {Proceedings of the fourth ACM conference on Recommender systems},
  year         = {2010},
  pages        = {257--260},
  organization = {ACM},
}

@Article{bergemann2018design,
  author  = {Bergemann, Dirk and Bonatti, Alessandro and Smolin, Alex},
  title   = {The design and price of information},
  journal = {American Economic Review},
  year    = {2018},
  volume  = {108},
  number  = {1},
  pages   = {1--48},
}

@Article{che2017recommender,
  author    = {Che, Yeon-Koo and H{\"o}rner, Johannes},
  title     = {Recommender systems as mechanisms for social learning},
  journal   = {The Quarterly Journal of Economics},
  year      = {2017},
  volume    = {133},
  number    = {2},
  pages     = {871--925},
  publisher = {Oxford University Press},
}

@InProceedings{mansour2015bayesian,
  author       = {Mansour, Yishay and Slivkins, Aleksandrs and Syrgkanis, Vasilis},
  title        = {Bayesian incentive-compatible bandit exploration},
  booktitle    = {Proceedings of the Sixteenth ACM Conference on Economics and Computation},
  year         = {2015},
  pages        = {565--582},
  organization = {ACM},
}

@InProceedings{frazier2014incentivizing,
  author       = {Frazier, Peter and Kempe, David and Kleinberg, Jon and Kleinberg, Robert},
  title        = {Incentivizing exploration},
  booktitle    = {Proceedings of the fifteenth ACM conference on Economics and computation},
  year         = {2014},
  pages        = {5--22},
  organization = {ACM},
}

@Article{kremer2014implementing,
  author    = {Kremer, Ilan and Mansour, Yishay and Perry, Motty},
  title     = {Implementing the “wisdom of the crowd”},
  journal   = {Journal of Political Economy},
  year      = {2014},
  volume    = {122},
  number    = {5},
  pages     = {988--1012},
  publisher = {University of Chicago Press Chicago, IL},
}

@Article{salganik2006experimental,
  author    = {Salganik, Matthew J and Dodds, Peter Sheridan and Watts, Duncan J},
  title     = {Experimental study of inequality and unpredictability in an artificial cultural market},
  journal   = {science},
  year      = {2006},
  volume    = {311},
  number    = {5762},
  pages     = {854--856},
  publisher = {American Association for the Advancement of Science},
}

@Article{immorlica2018incentivizing,
  author  = {Immorlica, Nicole and Mao, Jieming and Slivkins, Aleksandrs and Wu, Zhiwei Steven},
  title   = {Incentivizing Exploration with Unbiased Histories},
  journal = {arXiv preprint arXiv:1811.06026},
  year    = {2018},
}

@InProceedings{winecoff2019users,
  author    = {Winecoff, Amy A and Brasoveanu, Florin and Casavant, Bryce and Washabaugh, Pearce and Graham, Matthew},
  title     = {Users in the loop: a psychologically-informed approach to similar item retrieval},
  booktitle = {Proceedings of the 13th ACM Conference on Recommender Systems},
  year      = {2019},
  pages     = {52--59},
}


@Article{moller2018blame,
  author    = {Judith Möller and Damian Trilling and Natali Helberger and Bram van Es},
  title     = {Do not blame it on the algorithm: an empirical assessment of multiple recommender systems and their impact on content diversity},
  journal   = {Information, Communication \& Society},
  year      = {2018},
  volume    = {21},
  number    = {7},
  pages     = {959--977},
  timestamp = {2019-09-26},
}
@InProceedings{treviranus2009value,
  author    = {Jutta Treviranus and Stephen Hockema},
  title     = {The value of the unpopular: Counteracting the popularity echo-chamber on the Web},
  booktitle = {2009 {IEEE} Toronto International Conference Science and Technology for Humanity ({TIC}-{STH})},
  year      = {2009},
  month     = {sep},
  publisher = {{IEEE}},
  doi       = {10.1109/tic-sth.2009.5444430},
  timestamp = {2019-09-26},
}
@Book{savage1954,
  title     = {The foundations of statistics},
  publisher = {John Wiley and Sons},
  year      = {1954},
  author    = {Lenard J. Savage},
  timestamp = {2019-09-28},
}
@Article{ghirardato2002revisiting,
  author    = {Paolo Ghirardato},
  title     = {Revisiting Savage in a Conditional World},
  journal   = {Economic Theory},
  year      = {2002},
  volume    = {20},
  number    = {1},
  pages     = {83--92},
  timestamp = {2019-09-28},
}

@InProceedings{hodgson2019horse,
  author    = {Hodgson, Charles and Lewis, Gregory},
  title     = {You Can Lead a Horse to Water: Spatial Learning and Path Dependence in Consumer Search},
  booktitle = {Proceedings of the 2019 ACM Conference on Economics and Computation},
  year      = {2019},
  series    = {EC ’19},
  pages     = {215},
  address   = {New York, NY, USA},
  publisher = {Association for Computing Machinery},
  doi       = {10.1145/3328526.3329595},
  isbn      = {9781450367929},
  keywords  = {path dependence, dynamic programming, consumer search},
  location  = {Phoenix, AZ, USA},
  numpages  = {1},
  url       = {https://doi.org/10.1145/3328526.3329595},
}

@Article{bronnenberg2016zooming,
  author    = {Bronnenberg, Bart J and Kim, Jun B and Mela, Carl F},
  title     = {Zooming in on choice: How do consumers search for cameras online?},
  journal   = {Marketing Science},
  year      = {2016},
  volume    = {35},
  number    = {5},
  pages     = {693--712},
  publisher = {INFORMS},
}

@InProceedings{celma2008hits,
  author       = {Celma, {\`O}scar and Cano, Pedro},
  title        = {From hits to niches?: or how popular artists can bias music recommendation and discovery},
  booktitle    = {Proceedings of the 2nd KDD Workshop on Large-Scale Recommender Systems and the Netflix Prize Competition},
  year         = {2008},
  pages        = {5},
  organization = {ACM},
}

@Article{flaxman2016filter,
  author    = {Flaxman, Seth and Goel, Sharad and Rao, Justin M},
  title     = {Filter bubbles, echo chambers, and online news consumption},
  journal   = {Public opinion quarterly},
  year      = {2016},
  volume    = {80},
  number    = {S1},
  pages     = {298--320},
  publisher = {Oxford University Press},
}

@Article{aridor2020recommender,
  author  = {Aridor, Guy and Goncalves, Duarte},
  title   = {Recommenders’ Originals: Integrated Recommender Systems and Vertical Foreclosure},
  journal = {Mimeo},
  year    = {2020},
}

@Article{DeCorniereTaylor2019RAND,
  author    = {de Corniere, Alexandre and Taylor, Greg},
  title     = {A model of biased intermediation},
  journal   = {RAND Journal of Economics},
  year      = {2019},
  volume    = {50},
  number    = {4},
  pages     = {854--882},
  timestamp = {2018-11-26},
}

@Article{bourreau2018streaming,
  author  = {Bourreau, Marc and Gaudin, Germain},
  title   = {Streaming Platform and Strategic Recommendation Bias},
  journal = {Available at SSRN 3290617},
  year    = {2018},
}

@InCollection{castells2015novelty,
  author    = {Castells, Pablo and Hurley, Neil J and Vargas, Saul},
  title     = {Novelty and diversity in recommender systems},
  booktitle = {Recommender Systems Handbook},
  publisher = {Springer},
  year      = {2015},
  pages     = {881--918},
}

@Article{kunaver2017diversity,
  author    = {Kunaver, Matev{\v{z}} and Po{\v{z}}rl, Toma{\v{z}}},
  title     = {Diversity in recommender systems--A survey},
  journal   = {Knowledge-Based Systems},
  year      = {2017},
  volume    = {123},
  pages     = {154--162},
  publisher = {Elsevier},
}

@Article{gilboa1995case,
  author    = {Gilboa, Itzhak and Schmeidler, David},
  title     = {Case-based decision theory},
  journal   = {The quarterly Journal of economics},
  year      = {1995},
  volume    = {110},
  number    = {3},
  pages     = {605--639},
  publisher = {MIT Press},
}

@Article{chen2013human,
  author    = {Chen, Li and De Gemmis, Marco and Felfernig, Alexander and Lops, Pasquale and Ricci, Francesco and Semeraro, Giovanni},
  title     = {Human decision making and recommender systems},
  journal   = {ACM Transactions on Interactive Intelligent Systems (TiiS)},
  year      = {2013},
  volume    = {3},
  number    = {3},
  pages     = {1--7},
  publisher = {ACM New York, NY, USA},
}

@Article{billot2008axiomatization,
  author    = {Billot, Antoine and Gilboa, Itzhak and Schmeidler, David},
  title     = {Axiomatization of an exponential similarity function},
  journal   = {Mathematical Social Sciences},
  year      = {2008},
  volume    = {55},
  number    = {2},
  pages     = {107--115},
  publisher = {Elsevier},
}


@inproceedings{pu2011user,
  title={A user-centric evaluation framework for recommender systems},
  author={Pu, Pearl and Chen, Li and Hu, Rong},
  booktitle={Proceedings of the fifth ACM conference on Recommender systems},
  pages={157--164},
  year={2011}
}

@article{bettman1998constructive,
  title={Constructive consumer choice processes},
  author={Bettman, James R and Luce, Mary Frances and Payne, John W},
  journal={Journal of consumer research},
  volume={25},
  number={3},
  pages={187--217},
  year={1998},
  publisher={The University of Chicago Press}
}

@book{lichtenstein2006construction,
  title={The construction of preference},
  author={Lichtenstein, Sarah and Slovic, Paul},
  year={2006},
  publisher={Cambridge University Press}
}

@inproceedings{celma2008new,
  title={A new approach to evaluating novel recommendations},
  author={Celma, {\`O}scar and Herrera, Perfecto},
  booktitle={Proceedings of the 2008 ACM conference on Recommender systems},
  pages={179--186},
  year={2008}
}

@inproceedings{cremonesi2013user,
  title={User-centric vs. system-centric evaluation of recommender systems},
  author={Cremonesi, Paolo and Garzotto, Franca and Turrin, Roberto},
  booktitle={IFIP Conference on Human-Computer Interaction},
  pages={334--351},
  year={2013},
  organization={Springer}
}

@inproceedings{steck2018calibrated,
  title={Calibrated recommendations},
  author={Steck, Harald},
  booktitle={Proceedings of the 12th ACM conference on recommender systems},
  pages={154--162},
  year={2018}
}

@inproceedings{kotkov2018investigating,
  title={Investigating serendipity in recommender systems based on real user feedback},
  author={Kotkov, Denis and Konstan, Joseph A and Zhao, Qian and Veijalainen, Jari},
  booktitle={Proceedings of the 33rd Annual ACM Symposium on Applied Computing},
  pages={1341--1350},
  year={2018}
}

@inproceedings{zhang2012auralist,
  title={Auralist: introducing serendipity into music recommendation},
  author={Zhang, Yuan Cao and S{\'e}aghdha, Diarmuid {\'O} and Quercia, Daniele and Jambor, Tamas},
  booktitle={Proceedings of the fifth ACM international conference on Web search and data mining},
  pages={13--22},
  year={2012}
}

@article{herlocker2004evaluating,
  title={Evaluating collaborative filtering recommender systems},
  author={Herlocker, Jonathan L and Konstan, Joseph A and Terveen, Loren G and Riedl, John T},
  journal={ACM Transactions on Information Systems (TOIS)},
  volume={22},
  number={1},
  pages={5--53},
  year={2004},
  publisher={ACM New York, NY, USA}
}

@Comment{jabref-meta: databaseType:bibtex;}
